%%%%%%%%%%%%%%%%%%%%%%%%%%%%%%%%%%%%%%%%%%%%%%%%%%%%%%%%%%%%%%%%%%%%%%%%%%
% Referencias bibliograficas utilizadas
% Para mais informações ver documentação do abntex2 e http://www.bibtex.org/
%%%%%%%%%%%%%%%%%%%%%%%%%%%%%%%%%%%%%%%%%%%%%%%%%%%%%%%%%%%%%%%%%%%%%%%%%%

% https://github.com/AdrianoRuseler/abntex2-modelo-experimento/blob/master/abntex2-modelo-references.bib

% É importante observar que em casos onde o nome do autor ou organização tem acentos é importante fazer na forma separada \'e \~a de forma que a versão em maiúsculas fique correta.

@book{gamificacao-corporativa:2017,
  title={O despertar da gamificação corporativa},
  author={Marilena Krajden},
  year={2017},
  publisher={Editora Intersaberes},
  address = {Curitiba, PR, BRA}
}

@book{engenharia-de-software:2018,
  title={Engenharia de software},
  author={Ian Sommervile},
  year={2018},
  publisher={Pearson Education do Brasil},
  address = {S\~ao Paulo, SP, BRA}
}

@book{gamification-of-learning:2012,
  title={The gamification of learning and instruction: Game-based methods
and strategies for training and education},
  author={Karl M. Kapp},
  year={2012},
  publisher={Pfeiffer},
  address = {San Francisco, CA, EUA}
}

@article{gamificação-na-ead:2014,
    author={Katielen Bissolotti and Hamilton Garcia Nogueira and Alice Theresinha Cybis Pereira},
    title={Potencialidades das mídias sociais e da gamificação na educação a distância},
    year={2014},
    month={dez},
    url={https://www.seer.ufrgs.br/renote/article/download/53511/33027}
}

@article{rentabilizacao-ens-basico-e-secundario:2007,
    author={Ana Am\'elia Amorim Carvalho},
    title={Rentabilizar a Internet
no Ensino B\'asico e Secund\'ario:
dos Recursos e Ferramentas Online aos LMS},
    year={2007},
    month={ago},
    url={http://sisifo.ie.ulisboa.pt/index.php/sisifo/article/view/59/74}
}

@article{tecnologias-todas-e-todos:2019,
    author={Paulo Lopes},
    title={O uso de tecnologias para educação de todas e todos},
    year={2019},
    month={ago},
    url={https://diversa.org.br/artigos/uso-de-tecnologias-para-educacao/}
}

@article{importancia-beneficios-tecnologia:2020,
    author={Carla Gobb},
    title={Conheça a importância e os benefícios da tecnologia na educação},
    year={2020},
    month={fev},
    url={https://educacao.imaginie.com.br/tecnologia-na-educacao-qual-o-beneficio/}
}

@misc{importancia-tecnologia-atual:2019,
  organization = {Sistema Educacional Brasileiro},
  title = {Entenda a importância da tecnologia na educação atual},
  year = {2019},
  url = {https://catracalivre.com.br/educacao/entenda-a-importancia-da-tecnologia-na-educacao-atual/}
}

@misc{dicio-recompensa:2009,
  organization = {DICIO},
  title = {Recompensa},
  year = {2009},
  url = {https://www.dicio.com.br/recompensa/}
}

@misc{java:2016,
  organization = {JAVA},
  title = {O que é a Tecnologia Java e porque preciso dela?},
  year = {2016},
  url = {https://www.java.com/pt-BR/download/help/whatis_java.html}
}

@misc{spring:2021,
  organization = {SPRING},
  title = {Spring Framework},
  year = {2021},
  url = {https://spring.io/projects/spring-framework}
}

@misc{angular:2021,
  organization = {Angular},
  title = {What is Angular?},
  year = {2021},
  url = {https://angular.io/guide/what-is-angular}
}

@misc{angularstyleguide:2021,
  organization = {Angular},
  title = {Angular coding style guide},
  year = {2021},
  url = {https://angular.io/guide/styleguide#angular-coding-style-guide}
}

@misc{mysql:2021,
  organization = {MySQL},
  title = {About MySQL},
  year = {2021},
  url = {https://www.mysql.com/about/}
}

@misc{github:2021,
  organization = {Kinsta},
  title = {What Is GitHub? A Beginner’s Introduction to GitHub},
  year = {2021},
  url = {https://kinsta.com/knowledgebase/what-is-github/}
}

@misc{svn:2021,
  organization = {Apache Subversion},
  title = {Apache Subversion},
  year = {2021},
  url = {https://subversion.apache.org/}
}

@misc{heroku:2021,
  organization = {Heroku},
  title = {What is Heroku},
  year = {2021},
  url = {https://www.heroku.com/what}
}

@misc{heroku-postgres-pricing:2021,
  organization = {Heroku},
  title = {Heroku Postgres},
  year = {2021},
  url = {https://elements.heroku.com/addons/heroku-postgresql#pricing}
}

@misc{travis:2021,
  organization = {Travis CI},
  title = {Test and Deploy with Confidence},
  year = {2021},
  url = {https://travis-ci.org/}
}

@misc{hosting:2020,
  organization = {Firebase Hosting},
  title = {Firebase Hosting},
  year = {2020},
  url = {https://firebase.google.com/docs/hosting?hl=pt-br}
}

@misc{authentication:2020,
  organization = {Firebase Authentication},
  title = {Firebase Authentication},
  year = {2020},
  url = {https://firebase.google.com/docs/auth}
}

@misc{grafico-motivacao:2012,
  organization = {Aberdeen Research},
  title = {O que alimenta a motivação?},
  year = {2012},
  url = {https://www.dds.com.br/blog/wp-content/uploads/sites/2/2014/05/Capturar.jpg}
}

@misc{javacodeconvention:1997,
  organization = {oracle},
  title = {Java Code Convention},
  year = {1997},
  url = {https://www.oracle.com/technetwork/java/codeconventions-150003.pdf}
}

@misc{lgpd-serpro:2018,
  organization = {Serpro},
  title = {O que é a Lei Geral de Proteção de Dados Pessoais?},
  year = {2018},
  url = {https://www.serpro.gov.br/lgpd/menu/a-lgpd/o-que-muda-com-a-lgpd}
}

@misc{ead-ces,
  organization = {INEP},
  title = {Censo da Educação Superior 2017},
  year = {2018},
  url = {http://portal.mec.gov.br/index.php?option=com_docman&view=download&alias=97041-apresentac-a-o-censo-superior-u-ltimo&Itemid=30192}
}

@misc{ludopro:2021,
  organization = {Ludo Pro},
  title = {LMS: o que é, para que serve e os benefícios na aprendizagem?},
  year = {2021},
  url = {https://www.ludospro.com.br/blog/o-que-e-lms}
}

@misc{estudotec:2013,
  organization = {UOL},
  title = {Estudo relaciona tecnologia com desempenho escolar},
  year = {2013},
  url = {https://portal.aprendiz.uol.com.br/arquivo/2013/02/04/estudo-relaciona-tecnologia-com-desempenho-escolar/}
}